@book{curry1958combinatory,
  title={Combinatory Logic},
  author={Curry, H.B. and Feys, R.},
  number={v. 1},
  lccn={a59001593},
  series={Combinatory Logic},
  url={https://books.google.it/books?id=fEnuAAAAMAAJ},
  year={1958},
  publisher={North-Holland Publishing Company}
}

@inbook{howard:tfatnoc,
    address = {London-New York},
    author = {Howard, W. A.},
    booktitle = {To H. B. Curry: essays on combinatory logic, lambda calculus and formalism},
    citeulike-article-id = {3506102},
    editor = {Seldin, J. P. and Hindley, J. R.},
    keywords = {type-theory},
    pages = {480--490},
    posted-at = {2008-11-12 14:35:50},
    priority = {2},
    publisher = {Academic Press},
    title = {{The formulae-as-types notion of construction}},
    year = {1980}
}

@article{COQUAND198895,
title = "The calculus of constructions",
journal = "Information and Computation",
volume = "76",
number = "2",
pages = "95 - 120",
year = "1988",
note = "",
issn = "0890-5401",
doi = "http://dx.doi.org/10.1016/0890-5401(88)90005-3",
url = "http://www.sciencedirect.com/science/article/pii/0890540188900053",
author = "Thierry Coquand and GÃ©rard Huet",

}

@inproceedings{Norell:2009:DTP:1481861.1481862,
 author = {Norell, Ulf},
 title = {Dependently Typed Programming in Agda},
 booktitle = {Proceedings of the 4th International Workshop on Types in Language Design and Implementation},
 series = {TLDI '09},
 year = {2009},
 isbn = {978-1-60558-420-1},
 location = {Savannah, GA, USA},
 pages = {1--2},
 numpages = {2},
 url = {http://doi.acm.org/10.1145/1481861.1481862},
 doi = {10.1145/1481861.1481862},
 acmid = {1481862},
 publisher = {ACM},
 address = {New York, NY, USA},
 keywords = {dependent types, programming},
}

@techreport{aut-001-1,
  added-at = {2010-08-25T08:47:38.000+0200},
  author = {de Bruijn, N.G.},
  biburl = {http://www.bibsonomy.org/bibtex/276321d0b7ee1191100dad5bd717dc4ce/miguel.pagano},
  institution = {{Department of Mathematics, Eindhoven University of Technology}},
  interhash = {4ce5a6febe812adc6df8a15a4b66c713},
  intrahash = {76321d0b7ee1191100dad5bd717dc4ce},
  keywords = {imported},
  month = {{November}},
  timestamp = {2010-08-25T08:47:42.000+0200},
  title = {{AUTOMATH, a language for mathematics}},
  type = {{T.H.}},
  year = {{1968}}
}

@phdthesis{prawitz1965,
  added-at = {2010-01-26T15:49:55.000+0100},
  author = {Prawitz, D.},
  biburl = {https://www.bibsonomy.org/bibtex/2e22cbf14263e2466815829957ac19be5/arademaker},
  date-added = {2009-02-13 09:25:25 -0800},
  date-modified = {2009-02-13 09:25:25 -0800},
  description = {Description Logics},
  interhash = {af17650df87a6c5a64684733a1d71f83},
  intrahash = {e22cbf14263e2466815829957ac19be5},
  keywords = {imported},
  school = {Almqvist \& Wiksell},
  timestamp = {2010-01-26T15:49:57.000+0100},
  title = {{Natural deduction: a proof-theoretical study}},
  year = 1965
}

@misc{pfenninglecturescl,
  author = {Pfenning, F.},
  description = {Lecture notes},
  school = {Carniege Mellon University},
  title = {{Lecture notes of the Constructive Logic course}},
  year = 2009
}